@InProceedings{inex-overview,
  author =       "Norbert Gövert and Gabriella Kazai",
  year =         "2003",
  month =        mar,
  address =      "Sophia Antipolis, France",
  booktitle =    "Initiative for the Evaluation of XML retrieval (INEX).
                Proceedings of the First Annual Workshop. Dagstuhl, Germany, December 9-11, 2002",
  editor =       "Norbert Fuhr and Norbert Gövert and Gabriella Kazai and Mounia Lalmas",
  publisher =    "ERCIM",
  series =       "DELOS workshop",
  title =        "Overview of the INitiative for the Evaluation of XML retrieval (INEX) 2002"
}

@InProceedings{inex-baum,
  author =       "Shinjae Yoo",
  editor="Fuhr, Norbert and Gövert, Norbert and Kazai, Gabriella and Lalmas, Mounia",
  booktitle={INitiative for the Evaluation of XML Retrieval (INEX). Proceedings of the First INEX Workshop. Dagstuhl, Germany, December 8--11, 2002},
  series={ERCIM Workshop Proceedings},
  publisher={ERCIM},
  address={Sophia Antipolis, France},
  year=2003,
  month={March},
  entrydate=20030226,
  title =        "An XML Retrieval Model based on Structural Proximities"
}

@InProceedings{inex-robbertAlt,
  author =       "Andreas Henrich and Günter Robbert",
  year =         "2003",
  month =        mar,
  address =      "Sophia Antipolis, France",
  booktitle =    "Initiative for the Evaluation of XML retrieval (INEX).
                Proceedings of the First Annual Workshop. Dagstuhl, Germany, December 9-11, 2002",
  editor =       "Norbert Fuhr and Norbert Gövert and Gabriella Kazai and Mounia Lalmas",
  publisher =    "ERCIM",
  series =       "DELOS workshop",
  title =        "Applying the IRStream Retrieval Engine for Structured Documents to INEX"
}

@InProceedings{inex-robbert,
  author =       "Andreas Henrich and Günter Robbert",
  title =        "Applying the IRStream Retrieval Engine for Structured Documents to INEX",
  editor="Fuhr, Norbert and Gövert, Norbert and Kazai, Gabriella and Lalmas, Mounia",
  booktitle={INitiative for the Evaluation of XML Retrieval (INEX). Proceedings of the First INEX Workshop. Dagstuhl, Germany, December 8--11, 2002},
  series={ERCIM Workshop Proceedings},
  publisher={ERCIM},
  address={Sophia Antipolis, France},
  year=2003,
  month={March},
  entrydate=20030226

}


@proceedings{INEX03,
  editor={Fuhr, Norbert and G\"overt, Norbert and Kazai, Gabriella and Lalmas, Mounia},
  title={{INitiative for the Evaluation of XML} Retrieval ({INEX}). Proceedings of the First {INEX} Workshop. Dagstuhl, Germany, {December} 8--11, 2002},
  booktitle={INitiative for the Evaluation of XML Retrieval (INEX). Proceedings of the First INEX Workshop. Dagstuhl, Germany, December 8--11, 2002},
  series={ERCIM Workshop Proceedings},
  publisher={ERCIM},
  address={Sophia Antipolis, France},
  year=2003,
  month={March},
  entrydate=20030226
}

@inproceedings{INEXtopics:03,
  title={{INEX} Guidelines for Topic Development},
  pages={178-181},
  entrydate=20030303,
  editor="Fuhr, Norbert and Gövert, Norbert and Kazai, Gabriella and Lalmas, Mounia",
  booktitle={INitiative for the Evaluation of XML Retrieval (INEX). Proceedings of the First INEX Workshop. Dagstuhl, Germany, December 8--11, 2002},
  series={ERCIM Workshop Proceedings},
  publisher={ERCIM},
  address={Sophia Antipolis, France},
  year=2003,
  month={March}

}

@Article{rp-berechnung,
  author =       "Vijay V. Raghavan and Gwang S. Jung and Peter Bollmann",
  year =         "1989",
  journal =      "ACM Transactions on Information Systems (TOIS)",
  volume =       "7",
  number =       "3",
  pages =        "205-229",
  title =        "A Critical Investigation of Recall and Precision as Measures of Retrieval System Performance.",
}

@Article{rp-cooper,
  author =       "W.S. Cooper",
  year =         "1968",
  journal =      "Journal of the American Society for Information Science",
  number =       "19",
  pages =        "30-41",
  title =        "Expected search length: A single measure of retrieval effectiveness based on weak ordering action of retrieval systems."}


@article{fagin-fuzzy,
 author = {Ronald Fagin},
 title = {Combining fuzzy information: an overview},
 journal = {SIGMOD Rec.},
 volume = {31},
 number = {2},
 year = {2002},
 issn = {0163-5808},
 pages = {109--118},
 doi = {http://doi.acm.org/10.1145/565117.565143},
 publisher = {ACM Press},
 }

@inproceedings{quickcombine,
  author    = {Ulrich G{\"u}ntzer and
               Wolf-Tilo Balke and
               Werner Kie{\ss}ling},
  editor    = {Amr El Abbadi and
               Michael L. Brodie and
               Sharma Chakravarthy and
               Umeshwar Dayal and
               Nabil Kamel and
               Gunter Schlageter and
               Kyu-Young Whang},
  title     = {Optimizing Multi-Feature Queries for Image Databases},
  booktitle = {VLDB 2000, Proceedings of 26th International Conference on Very
               Large Data Bases, September 10-14, 2000, Cairo, Egypt},
  publisher = {Morgan Kaufmann},
  year      = {2000},
  isbn      = {1-55860-715-3},
  pages     = {419-428},
  ee        = {db/conf/vldb/GuntzerBK00.html},
  bibsource = {DBLP, http://dblp.uni-trier.de}
}

@inproceedings{xu96query,
    author = "Jinxi Xu and W. Bruce Croft",
    title = "Query Expansion Using Local and Global Document Analysis",
    booktitle = "Proceedings of the Nineteenth Annual International ACM SIGIR Conference on Research and Development in Information Retrieval",
    pages = "4-11",
    year = "1996",
    url = "citeseer.nj.nec.com/xu96query.html" }


@inproceedings{voorhees,
  author    = {Ellen M. Voorhees},
  editor    = {W. Bruce Croft and
               C. J. van Rijsbergen},
  title     = {Query Expansion Using Lexical-Semantic Relations},
  booktitle = {Proceedings of the 17th Annual International ACM-SIGIR Conference
               on Research and Development in Information Retrieval. Dublin,
               Ireland, 3-6 July 1994 (Special Issue of the SIGIR Forum)},
  publisher = {ACM/Springer},
  year      = {1994},
  isbn      = {3-540-19889-X},
  pages     = {61-69},
  ee        = {db/conf/sigir/Voorhees94.html},
  bibsource = {DBLP, http://dblp.uni-trier.de}
}

@article{wordnet,
 author = {George A. Miller},
 title = {WordNet: a lexical database for English},
 journal = {Commun. ACM},
 volume = {38},
 number = {11},
 year = {1995},
 issn = {0001-0782},
 pages = {39--41},
 doi = {http://doi.acm.org/10.1145/219717.219748},
 publisher = {ACM Press},
 }


@book{ baezayates99modern,
    author = "Ricardo A. Baeza-Yates and Berthier A. Ribeiro-Neto",
    title = "Modern Information Retrieval",
    publisher = "ACM Press / Addison-Wesley",
    isbn = "0-201-39829-X",
    year = "1999",
    url = "citeseer.nj.nec.com/baeza-yates99modern.html",
    url = "sunsite.dcc.uchile.cl/irbook/" }

@Article{localfeedback,
  author = {R. Attar and A. S. Fraenkel},
  title = {Local Feedback in Full-Text Retrieval Systems},
  journal = {Journal of the ACM},
  year = {1977},
  volume = {24},
  number = {3},
  pages = {398--417}
}

@inproceedings{crouchyang92,
  author    = {Carolyn J. Crouch and
               Bokyung Yang},
  editor    = {Nicholas J. Belkin and
               Peter Ingwersen and
               Annelise Mark Pejtersen},
  title     = {Experiments in Automatic Statistical Thesaurus Construction},
  booktitle = {Proceedings of the 15th Annual International ACM SIGIR Conference
               on Research and Development in Information Retrieval. Copenhagen,
               Denmark, June 21-24, 1992},
  publisher = {ACM},
  year      = {1992},
  isbn      = {0-89791-523-2},
  pages     = {77-88},
  ee        = {db/conf/sigir/CrouchY92.html},
  bibsource = {DBLP, http://dblp.uni-trier.de}
}
@inproceedings{simthes,
  author    = {Yonggang Qiu and
               Hans-Peter Frei},
  editor    = {Robert Korfhage and
               Edie M. Rasmussen and
               Peter Willett},
  title     = {Concept Based Query Expansion},
  booktitle = {Proceedings of the 16th Annual International ACM-SIGIR Conference
               on Research and Development in Information Retrieval. Pittsburgh,
               PA, USA, June 27 - July 1, 1993},
  publisher = {ACM},
  year      = {1993},
  isbn      = {0-89791-605-0},
  pages     = {160-169},
  ee        = {db/conf/sigir/QiuF93.html},
  bibsource = {DBLP, http://dblp.uni-trier.de}
}


@Techreport{qiu-applying,
  type =         "Technical Report",
  institution =  "Swiss Federal Institute of Technology, Zurich",
  title =        "Applying a Similarity Thesaurus to a Large Collection
                 for Information Retrieval",
  month =        jan # ",",
  year =         "1995",
  bibdate =      "August 21, 1996",
  author =       "Hans-Peter Frei and Yonggang Qiu"}

@techreport{ xml,
    author = "Tim Bray and Jean Paoli and C. M. Sperberg-McQueen and Eve Maler",
    title = "Extensible {M}arkup {L}anguage ({XML}) 1.0 (Second Edition) - {W3C} Recommendation 6-October-2000",
    number = "REC-xml-20001006",
    year = "2000"}

@misc{xpath,
   Year = {1999},
   Url = {http://www.w3.org/TR/xpath},
   Title = {{XML Path Language (XPath) Version 1.0}},
   Author = {James Clark and Steve DeRose},
   Howpublished = {W3C Recommendation, http://www.w3.org/TR/xpath},
   url = "http://www.w3.org/TR/xpath"}

@inproceedings{fuhrinex,
  key={Fuhr/etal:02a},
  author={Fuhr, Norbert and Gövert, Norbert and Kazai, Gabriella and Lalmas, Mounia},
  title={{INEX}: {INitiative for the Evaluation of XML} Retrieval},
  year=2002,
  entrydate=20020719,
  editor={Baeza-Yates, Ricardo and Fuhr, Norbert and Maarek, Yoelle S.},
  booktitle={Proceedings of the SIGIR 2002 Workshop on XML and Information Retrieval},
}
@incollection{kuhlen90,
  AUTHOR = {R. Kuhlen},
  TITLE = {Zum Stand pragmatischer Forschung in der Informationswissenschaft},
  YEAR = 1990,
  BOOKTITLE = {Pragmatische Aspekte beim Entwurf und Betrieb von Informationssystemen: Proc.\ des 1. Internationalen Symposiums f\"ur Informationswissenschaft},
  EDITOR = {J. Herget and R. Kuhlen},
  PUBLISHER = {Universit\"ats-Verlag Konstanz},
  ADDRESS = {Konstanz},
  PAGES = {13-18},
  KEYWORDS = {}}

@inproceedings{xirql,
  editor={Croft, W.B. and Harper, D. and Kraft, D.H. and Zobel , J.},
  booktitle={Proceedings of the 24th Annual International Conference on Research and development in Information Retrieval},
  publisher={ACM},
  address={New York},
  author={Fuhr, N. and Gro\ss{}johann, K.},
  title={{XIRQL}: A Query Language for Information Retrieval in {XML} Documents},
  pages={172-180},
  year=2001,
  entrydate=20010109,
  abstract={Based on the document-centric view of XML, we present the query language XIRQL. Current proposals for XML query languages lack most IR-related features, which are weighting and ranking, relevance-oriented search, datatypes with vague predicates, and semantic relativism. XIRQL integrates these features by using ideas from logic-based probabilistic IR models, in combination with concepts from the database area. For processing XIRQL queries, a path algebra is presented, that also serves as a starting point for query optimization.},
}

@techreport{fuhr96,
  author={Fuhr, Norbert},
  title={Information Retrieval. Skriptum zur Vorlesung},
  institution={Universit\"at Dortmund, Fachbereich Informatik},
  year=1996,
  entrydate=19970411,
  classification-codes={H.3.3},
  subject-descriptors={information retrieval},
}

@Article{saltonlesk,
  author =       "G. Salton and M. E. Lesk",
  title =        "Computer Evaluation of Indexing and Text Processing",
  journal =      "Journal of the ACM",
  volume =       "15",
  number =       "1",
  pages =        "8--36",
  month =        jan,
  year =         "1968",
  CODEN =        "JACOAH",
  ISSN =         "0004-5411",
  bibdate =      "Sun Nov 6 00:10:43 1994",
  acknowledgement = ack-nhfb,
}

@Book{cmk66,
  author =       "Cyril Cleverdon and Jack Mills and Michael Keen",
  title =        "Factors Determining the Performance of Indexing
                 Systems: {ASLIB Cranfield Research Project}. Volume 1:
                 Design.",
  publisher =    "ASLIB Cranfield Research Project",
  address =      "Cranfield",
  pages =        "377",
  year =         "1966",
  acknowledgement = ack-fg,
}



@INPROCEEDINGS{voorhees98overview,
  BOOKTITLE = {The Seventh Text Retrieval Conference},
  TITLE = {Overview of the seventh text retrieval conference (TREC-7)},
  YEAR = {1998},
  AUTHOR = {E. M. Voorhees and D. Harmann}
}

@inproceedings{lsd,
  author    = {Andreas Henrich},
  title     = {The LSD$^{\mbox{h}}$-Tree: An Access Structure for Feature Vectors},
  booktitle = {Proceedings of the Fourteenth International Conference on Data
               Engineering, February 23-27, 1998, Orlando, Florida, USA},
  publisher = {IEEE Computer Society},
  year      = {1998},
  isbn      = {0-8186-8289-2},
  pages     = {362-369},
  ee        = {db/conf/icde/Henrich98.html},
  bibsource = {DBLP, http://dblp.uni-trier.de}
}


@inproceedings{nosferatu,
  editor={Fuhr, N. and Dittrich, G. and Tochtermann, K.},
  booktitle={Hypertext -- Information Retrieval -- Multimedia (HIM).},
  publisher={Universit\"atsverlag Konstanz},
  key={Pfeifer/Pennekamp:97},
  author={Pfeifer, Ulrich and Pennekamp, Stefan},
  title={Incremental Processing of Vague Queries in Interactive Retrieval Systems},
  year=1997,
  entrydate=19970814,
  classification-codes={H.3.3}
}

@InProceedings{jstern,
  author =       "Apostol Natsev and Yuan-Chi Chang and John R. Smith
                 and Chung-Sheng Li and Jeffrey Scott Vitter",
  title =        "Supporting Incremental Join Queries on Ranked Inputs",
  pages =        "281--290",
  booktitle =    "Proceedings of the 27th International Conference on
                 Very Large Data Bases({VLDB} '01)",
  ISBN =         "1-55860-804-4",
  month =        sep,
  publisher =    "Morgan Kaufmann",
  address =      "Orlando",
  year =         "2001",
}

@Article{Fagin99,
  author =       "Fagin",
  title =        "Combining Fuzzy Information from Multiple Systems",
  journal =      "JCSS: Journal of Computer and System Sciences",
  volume =       "58",
  year =         "1999",
}

@Article{FagLotNao03,
  author =       "Fagin and Lotem and Naor",
  title =        "Optimal Aggregation Algorithms for Middleware",
  journal =      "JCSS: Journal of Computer and System Sciences",
  volume =       "66",
  year =         "2003",
}

@Article{m-tree,
  author =       "Pavel Zezula and Pasquale Savino and Giuseppe Amato
                 and Fausto Rabitti",
  title =        "Approximate Similarity Retrieval with {M}-Trees",
  journal =      "VLDB Journal: Very Large Data Bases",
  volume =       "7",
  number =       "4",
  pages =        "275--293",
  month =        dec,
  year =         "1998",
  CODEN =        "VLDBFR",
  ISSN =         "1066-8888 (print), 0949-877X (electronic)",
  bibdate =      "Wed Sep 27 10:11:57 MDT 2000",
  note =         "Electronic edition.",
  URL =          "http://link.springer.de/link/service/journals/00778/papers/8007004/80070275.pdf;
                 http://link.springer.de/link/service/journals/00778/bibs/8007004/80070275.htm;
                 http://ftp.informatik.rwth-aachen.de/dblp/db/indices/a-tree/z/Zezula:Pavel.html;
                 http://ftp.informatik.rwth-aachen.de/dblp/db/indices/a-tree/s/Savino:Pasquale.html;
                 http://ftp.informatik.rwth-aachen.de/dblp/db/indices/a-tree/a/Amato:Giuseppe.html;
                 http://ftp.informatik.rwth-aachen.de/dblp/db/indices/a-tree/r/Rabitti:Fausto.html",
  acknowledgement = ack-nhfb,
}

@InProceedings{x-tree,
  title =        "The {X}-tree : An Index Structure for High-Dimensional
                 Data",
  author =       "Stefan Berchtold and Daniel A. Keim and Hans-Peter
                 Kriegel",
  pages =        "28--39",
  editor =       "T. M. Vijayaraman and Alejandro P. Buchmann and C.
                 Mohan and Nandlal L. Sarda",
  booktitle =    "{VLDB}'96, Proceedings of 22th International
                 Conference on Very Large Data Bases",
  month =        "3--6~" # sep,
  year =         "1996",
  address =      "Mumbai (Bombay), India",
  publisher =    "Morgan Kaufmann",
  ISBN =         "ISBN 1-55860-382-4",
}

@misc{ invertierte-liste,
  author = "D. Squire and W. Muller and H. Muller and J. Raki",
  title = "Content-based query of image databases, inspirations from text retrieval:
    inverted files, frequency-based weights and relevance feedback",
  text = "D. M. Squire, W. Muller, H. Muller, and J. Raki, Content-based query of
    image databases, inspirations from text retrieval: inverted files, frequency-based
    weights and relevance feedback, in The 10th Scandinavian Conference on Image
    Analysis (SCIA'99), (Kangerlussuaq, Greenland), June 7--11 1999.",
  year = "1999",
  url = "citeseer.nj.nec.com/article/squire99contentbased.html" }

@inproceedings{gui,
  editor    = {Sibel Adali and
               Satish K. Tripathi},
  booktitle     = {MIS '01, 7th Workshop on Multimedia Information Systems, 7-9
               November 2001, Villa Orlandi, Capri, Italy, Proceedings},
  title = {An End User Retrieval Interface for Structured Mulimedia Documents},
  year      = {2001},
  address ="Capri, Italy",
  bibsource = {DBLP, http://dblp.uni-trier.de},
  author =       "Andreas Henrich and Günter Robbert",
  pages  = "71--80",


}

@inproceedings{inexresults,
  editor={Fuhr, Norbert and G\"overt, Norbert and Kazai, Gabriella and Lalmas, Mounia},
  booktitle={INitiative for the Evaluation of XML Retrieval (INEX). Proceedings of the First INEX Workshop. Dagstuhl, Germany, December 8--11, 2002},
  series={ERCIM Workshop Proceedings},
  publisher={ERCIM},
  address={Sophia Antipolis, France},
  month={March},
  note={http://qmir.dcs.qmul.ac.uk/inex/Workshop.html},
  key={INEX},
  title={{INEX} Retrieval Result Submission Format},
  pages={182-183},
  year=2003,
  entrydate=20030303,
}

@inproceedings{detailresults,
  editor={Fuhr, Norbert and G\"overt, Norbert and Kazai, Gabriella and Lalmas, Mounia},
  booktitle={INitiative for the Evaluation of XML Retrieval (INEX). Proceedings of the First INEX Workshop. Dagstuhl, Germany, December 8--11, 2002},
  series={ERCIM Workshop Proceedings},
  publisher={ERCIM},
  address={Sophia Antipolis, France},
  month={March},
  note={http://qmir.dcs.qmul.ac.uk/inex/Workshop.html},
  key={INEX},
  title={{INEX} 2002 Evaluation Results in Detail},
  pages={188-281},
  year=2003,
  entrydate=20030303,
}


@inbook{inexblanken,
  editor={Blanken, Henk M. and Grabs, Torsten and Schek, Hans-J\"org and Schenkel, Ralf and Weikum, Gerhard},
  booktitle={Intelligent XML Retrieval},
  series={Lecture Notes in Computer Science},
  publisher={Springer},
  address={Heidelberg et el.},
  volume=2818,
  author={Kazai, G. and Gövert, N. and Lalmas, M. and Fuhr, N.},
  title={The INEX evaluation initiative},
  year=2003,
  pages={279-293},
  entrydate=20030911,
}

@proceedings{inexallg,
  editor={Fuhr, Norbert and G\"overt, Norbert and Kazai, Gabriella and Lalmas, Mounia},
  title={{INitiative for the Evaluation of XML} Retrieval ({INEX}). Proceedings of the First {INEX} Workshop. Dagstuhl, Germany, {December} 8--11, 2002},
  booktitle={INitiative for the Evaluation of XML Retrieval (INEX). Proceedings of the First INEX Workshop. Dagstuhl, Germany, December 8--11, 2002},
  series={ERCIM Workshop Proceedings},
  publisher={ERCIM},
  address={Sophia Antipolis, France},
  year=2003,
  month={March},
  entrydate=20030226,
}
